<?xml version="1.0" encoding="UTF-8"?><collection xmlns="info:lc/xmlns/marcxchange-v2" xsi:schemaLocation="info:lc/xmlns/marcxchange-v2 http://www.loc.gov/standards/iso25577/marcxchange-2-0.xsd" xmlns:xsi="http://www.w3.org/2001/XMLSchema-instance"><record format="MARC21" type="Bibliographic"><leader>01201nam  2200253 a 4500</leader><controlfield tag="001">tes96000001 </controlfield><controlfield tag="003">ViArRB</controlfield><controlfield tag="005">199602210153555.7</controlfield><controlfield tag="008">960221s1955    dcuabcdjdbkoqu001 0deng d</controlfield><datafield ind2=" " ind1=" " tag="040"><subfield code="a">ViArRB</subfield><subfield code="c">ViArRB</subfield></datafield><datafield ind2="4" ind1=" " tag="050"><subfield code="a">PQ1234</subfield><subfield code="b">.T39 1955</subfield></datafield><datafield ind2=" " ind1="2" tag="100"><subfield code="a">Deer-Doe, J.</subfield><subfield code="q">(Jane),</subfield><subfield code="c">saint,</subfield><subfield code="d">1355-1401,</subfield><subfield code="c">spirit.</subfield></datafield><datafield ind2="0" ind1="1" tag="245"><subfield code="a">New test record number 1 with ordinary data</subfield><subfield code="h">[large print] /</subfield><subfield code="c">by Jane Deer-Doe ; edited by Patty O'Furniture.</subfield></datafield><datafield ind2=" " ind1="1" tag="246"><subfield code="a">New test record number one with ordinary data</subfield></datafield><datafield ind2=" " ind1=" " tag="260"><subfield code="a">Washington, DC :</subfield><subfield code="b">Library of Congress,</subfield><subfield code="c">1955-&lt;1957&gt;</subfield></datafield><datafield ind2=" " ind1=" " tag="300"><subfield code="a">v. 1-&lt;5&gt; :</subfield><subfield code="b">ill., maps, ports., charts ;</subfield><subfield code="c"> cm.</subfield></datafield><datafield ind2="0" ind1=" " tag="440"><subfield code="a">Test record series ;</subfield><subfield code="v">no. 1</subfield></datafield><datafield ind2=" " ind1=" " tag="500"><subfield code="a">This is a test of ordinary features like replacement of the mnemonics for currency and dollar signs and backslashes (backsolidus \) used for blanks in certain areas.</subfield></datafield><datafield ind2=" " ind1=" " tag="500"><subfield code="a">This is a test for the conversion of curly braces; the opening curly brace ({) and the closing curly brace (}).</subfield></datafield><datafield ind2=" " ind1=" " tag="504"><subfield code="a">Includes Bibliographies, discographies, filmographies, and reviews.</subfield></datafield><datafield ind2=" " ind1=" " tag="500"><subfield code="a">Includes index.</subfield></datafield><datafield ind2="4" ind1=" " tag="650"><subfield code="a">Test record</subfield><subfield code="x">Juvenile.</subfield></datafield><datafield ind2="4" ind1="1" tag="600"><subfield code="a">Doe, John,</subfield><subfield code="d">1955- </subfield><subfield code="x">Biography.</subfield></datafield><datafield ind2=" " ind1="1" tag="700"><subfield code="a">O'Furniture, Patty,</subfield><subfield code="e">ed.</subfield></datafield></record>