<record format="MARC21" type="Bibliographic"><leader>02652nam  2200229 a 4500</leader><controlfield tag="001">tes96000003 </controlfield><controlfield tag="003">ViArRB</controlfield><controlfield tag="005">19960221075055.7</controlfield><controlfield tag="008">960221s1955    dcuabcdjdbkoqu001 0dspa d</controlfield><datafield ind2=" " ind1=" " tag="020"><subfield code="a">8472236579</subfield></datafield><datafield ind2=" " ind1=" " tag="040"><subfield code="a">ViArRB</subfield><subfield code="c">ViArRB</subfield></datafield><datafield ind2="4" ind1=" " tag="050"><subfield code="a">PQ1234</subfield><subfield code="b">.T39 1955</subfield></datafield><datafield ind2=" " ind1="2" tag="100"><subfield code="a">Deer-Doe, Jane,</subfield><subfield code="d">1957-</subfield></datafield><datafield ind2="0" ind1="1" tag="245"><subfield code="a">New test record number 3 with currently defined ANSEL characters (mostly diacritics) input with mnemonic strings</subfield><subfield code="h">[large print] /</subfield><subfield code="c">by Jane Deer-Doe</subfield></datafield><datafield ind2=" " ind1=" " tag="260"><subfield code="a">Washington, DC :</subfield><subfield code="b">Library of Congress,</subfield><subfield code="c">1955.</subfield></datafield><datafield ind2=" " ind1=" " tag="300"><subfield code="a">300 p. :</subfield><subfield code="b">ill., maps, ports., charts ;</subfield><subfield code="c"> cm.</subfield></datafield><datafield ind2="0" ind1=" " tag="440"><subfield code="a">Test record series ;</subfield><subfield code="v">no. 3</subfield></datafield><datafield ind2=" " ind1=" " tag="500"><subfield code="a">This is a test of diacritics like the uppercase Polish L in Łódź, the uppercase Scandinavia O in Øst, the uppercase D with crossbar in Đuro, the uppercase Icelandic thorn in Þann, the uppercase digraph AE in Ægir, the uppercase digraph OE in Œuvres, the soft sign in rechʹ, the middle dot in col·lecció, the musical flat in F♭, the patent mark in Frizbee®, the plus or minus sign in ±54%, the uppercase O-hook in BƠ, the uppercase U-hook in XƯA, the alif in masʼalah, the ayn in ʻarab, the lowercase Polish l in Włocław, the lowercase Scandinavian o in København, the lowercase d with crossbar in đavola, the lowercase Icelandic thorn in þann, the lowercase digraph ae in være, the lowercase digraph oe in cœur, the lowercase hardsign in sʺezd, the Turkish dotless i in masalı, the British pound sign in £5.95, the lowercase eth in verður, the lowercase o-hook (with pseudo question mark) in Sở, the lowercase u-hook in Tư Dưc, the pseudo question mark in củi, the grave accent in très, the acute accent in désirée, the circumflex in côte, the tilde in mañana, the macron in Tōkyo, the breve in russkiĭ, the dot above in żaba, the dieresis (umlaut) in Löwenbräu, the caron (hachek) in črny, the circle above (angstrom) in årbok, the ligature first and second halves in di͡adi͡a, the high comma off center in rozdelo̕vac, the double acute in időszaki, the candrabindu (breve with dot above) in Alii̐ev, the cedilla in ça va comme ça, the right hook in vietą, the dot below in teḍa, the double dot below in k̲h̲ut̤bah, the circle below in Saṃskr̥ta, the double underscore in G̳hulam, the left hook in Lech Wałe̦sa, the right cedilla (comma below) in kho̜ng, the upadhmaniya (half circle below) in ḫumantuš, double tilde, first and second halves in n͠galan, high comma (centered) in ge̓otermika</subfield></datafield><datafield ind2=" " ind1=" " tag="504"><subfield code="a">Includes Bibliographies, discographies, filmographies, and reviews.</subfield></datafield><datafield ind2=" " ind1=" " tag="500"><subfield code="a">Includes index.</subfield></datafield><datafield ind2="4" ind1=" " tag="650"><subfield code="a">Test record</subfield><subfield code="x">Juvenile.</subfield></datafield><datafield ind2="4" ind1="1" tag="600"><subfield code="a">Doe, John,</subfield><subfield code="d">1955- </subfield><subfield code="x">Biography.</subfield></datafield></record>