<record format="MARC21" type="Bibliographic"><leader>01276nam  2200229 a 4500</leader><controlfield tag="001">tes96000004 </controlfield><controlfield tag="003">ViArRB</controlfield><controlfield tag="005">19960221075055.7</controlfield><controlfield tag="008">960221s1955    dcuabcdjdbkoqu001 0dspa d</controlfield><datafield ind2=" " ind1=" " tag="020"><subfield code="a">8472236579</subfield></datafield><datafield ind2=" " ind1=" " tag="040"><subfield code="a">ViArRB</subfield><subfield code="c">ViArRB</subfield></datafield><datafield ind2="4" ind1=" " tag="050"><subfield code="a">PQ1234</subfield><subfield code="b">.T39 1955</subfield></datafield><datafield ind2=" " ind1="2" tag="100"><subfield code="a">Deer-Doe, Jane,</subfield><subfield code="d">1957-</subfield></datafield><datafield ind2="0" ind1="1" tag="245"><subfield code="a">New test record number 4 with newly-defined diacritics</subfield><subfield code="h">[large print] /</subfield><subfield code="c">by Jane Deer-Doe</subfield></datafield><datafield ind2=" " ind1=" " tag="260"><subfield code="a">Washington, DC :</subfield><subfield code="b">Library of Congress,</subfield><subfield code="c">1955.</subfield></datafield><datafield ind2=" " ind1=" " tag="300"><subfield code="a">300 p. :</subfield><subfield code="b">ill., maps, ports., charts ;</subfield><subfield code="c"> cm.</subfield></datafield><datafield ind2="0" ind1=" " tag="440"><subfield code="a">Test record series ;</subfield><subfield code="v">no. 4</subfield></datafield><datafield ind2=" " ind1=" " tag="500"><subfield code="a">This field tests the 13 new USMARC characters which include the spacing circumflex "^", the spacing underscore in "file_name", the grave "`", the spacing tilde "~", and the opening and closing curly brackets, {text}, also included are new extended characters degree sign 98.6°, small script l in 45ℓ, the phono copyright mark in ℗1994, the copyright mark in ©1955, the musical sharp in concerto in F♯ major, the inverted question mark in ¿Que pasó?, and the inverted exclamation mark in ¡Ay caramba!.</subfield></datafield><datafield ind2=" " ind1=" " tag="504"><subfield code="a">Includes Bibliographies, discographies, filmographies, and reviews.</subfield></datafield><datafield ind2=" " ind1=" " tag="500"><subfield code="a">Includes index.</subfield></datafield><datafield ind2="4" ind1=" " tag="650"><subfield code="a">Test record</subfield><subfield code="x">Juvenile.</subfield></datafield><datafield ind2="4" ind1="1" tag="600"><subfield code="a">Doe, John,</subfield><subfield code="d">1955- </subfield><subfield code="x">Biography.</subfield></datafield></record>