<record format="MARC21" type="Bibliographic"><leader>00959nam  2200241 a 4500</leader><controlfield tag="001">tes96000007 </controlfield><controlfield tag="003">ViArRB</controlfield><controlfield tag="005">19960221165955.9</controlfield><controlfield tag="008">960221s1955    dcuabcdjdbkoqu001 0dspa d</controlfield><datafield ind2=" " ind1=" " tag="020"><subfield code="a">8472236579</subfield></datafield><datafield ind2=" " ind1=" " tag="040"><subfield code="a">ViArRB</subfield><subfield code="c">ViArRB</subfield></datafield><datafield ind2="4" ind1=" " tag="050"><subfield code="a">PQ1234</subfield><subfield code="b">.T39 1955</subfield></datafield><datafield ind2=" " ind1="2" tag="100"><subfield code="a">Deer-Doe, Jane,</subfield><subfield code="d">1957-</subfield></datafield><datafield ind2="2" ind1="1" tag="245"><subfield code="a">A check of the processing of unrecognized mnemonic strings like &amp;zilch; which might be encountered in the MARCMakr input file.</subfield></datafield><datafield ind2=" " ind1=" " tag="260"><subfield code="a">Washington, DC :</subfield><subfield code="b">Library of Congress,</subfield><subfield code="c">1955.</subfield></datafield><datafield ind2=" " ind1=" " tag="300"><subfield code="a">300 p. :</subfield><subfield code="b">ill., maps, ports., charts ;</subfield><subfield code="c"> cm.</subfield></datafield><datafield ind2="0" ind1=" " tag="440"><subfield code="a">Test record series ;</subfield><subfield code="v">no. 7</subfield></datafield><datafield ind2=" " ind1=" " tag="500"><subfield code="a">This is a test of mnemonic conversion, like a real backslash or back solidus, as it is sometimes called (\).</subfield></datafield><datafield ind2=" " ind1=" " tag="504"><subfield code="a">Includes Bibliographies, discographies, filmographies, and reviews.</subfield></datafield><datafield ind2=" " ind1=" " tag="500"><subfield code="a">Includes index.</subfield></datafield><datafield ind2="4" ind1=" " tag="650"><subfield code="a">Test record</subfield><subfield code="x">Juvenile.</subfield></datafield><datafield ind2="4" ind1="1" tag="600"><subfield code="a">Doe, John,</subfield><subfield code="d">1955- </subfield><subfield code="x">Biography.</subfield></datafield><datafield ind2=" " ind1="2" tag="856"><subfield code="a">ftp.loc.gov</subfield><subfield code="d">\pub\marc</subfield></datafield></record>