<record format="MARC21" type="Bibliographic"><leader>00833nam  2200217 a 4500</leader><controlfield tag="001">tes96000008 </controlfield><controlfield tag="003">ViArRB</controlfield><controlfield tag="005">19960221195511.9</controlfield><controlfield tag="008">960221s1955    dcuabcdjdbkoqu001 0dspa d</controlfield><datafield ind2=" " ind1=" " tag="020"><subfield code="a">8472236579</subfield></datafield><datafield ind2=" " ind1=" " tag="020"><subfield code="a">0777000008 :</subfield><subfield code="c">$35.99</subfield></datafield><datafield ind2=" " ind1=" " tag="020"><subfield code="a">0777000008 :</subfield><subfield code="c">$35.99</subfield></datafield><datafield ind2=" " ind1=" " tag="020"><subfield code="z">3777000008 (German ed.):</subfield><subfield code="c">$46.00</subfield></datafield><datafield ind2=" " ind1=" " tag="040"><subfield code="a">ViArRB</subfield><subfield code="c">ViArRB</subfield></datafield><datafield ind2="4" ind1=" " tag="050"><subfield code="a">PQ1234</subfield><subfield code="b">.T39 1955</subfield></datafield><datafield ind2=" " ind1="2" tag="100"><subfield code="a">Deer-Doe, Jane,</subfield><subfield code="d">1957-</subfield></datafield><datafield ind2="2" ind1="1" tag="245"><subfield code="a">A check of the processing of the dollar sign and mnemonic strings used for real dollar signs (associated with prices).</subfield></datafield><datafield ind2=" " ind1=" " tag="260"><subfield code="a">Washington, DC :</subfield><subfield code="b">Library of Congress,</subfield><subfield code="c">1955.</subfield></datafield><datafield ind2=" " ind1=" " tag="300"><subfield code="a">300 p. :</subfield><subfield code="b">ill., maps, ports., charts ;</subfield><subfield code="c"> cm.</subfield></datafield><datafield ind2="0" ind1=" " tag="440"><subfield code="a">Test record series ;</subfield><subfield code="v">no. 8</subfield></datafield><datafield ind2=" " ind1=" " tag="500"><subfield code="a">This is a test of mnemonic conversion, like a real backslash or back solidus, as it is sometimes called (\).</subfield></datafield></record></collection>